<collection xmlns="http://www.loc.gov/MARC21/slim">
   <record>
      <leader>03150cam a2200541 i 45 0</leader>
      <controlfield tag="001">6849948</controlfield>
      <controlfield tag="003">OCoLC</controlfield>
      <controlfield tag="005">20150309132133.0</controlfield>
      <controlfield tag="008">150223s2015    onc      b    001 0 eng  </controlfield>
      <datafield ind1=" " ind2=" " tag="016">
         <subfield code="a">20159015855</subfield>
      </datafield>
      <datafield ind1=" " ind2=" " tag="020">
         <subfield code="a">9781771121132 (paperback)</subfield>
      </datafield>
      <datafield ind1=" " ind2=" " tag="020">
         <subfield code="a">1771121130 (paperback)</subfield>
      </datafield>
      <datafield ind1=" " ind2=" " tag="035">
         <subfield code="a">ocn904182423</subfield>
      </datafield>
      <datafield ind1=" " ind2=" " tag="040">
         <subfield code="a">NLC</subfield>
         <subfield code="b">eng</subfield>
         <subfield code="e">rda</subfield>
         <subfield code="c">NLC</subfield>
         <subfield code="d">OCLCO</subfield>
         <subfield code="d">AFMK</subfield>
      </datafield>
      <datafield ind1=" " ind2=" " tag="043">
         <subfield code="a">n-cn---</subfield>
      </datafield>
      <datafield ind1=" " ind2="0" tag="055">
         <subfield code="a">JV6225</subfield>
         <subfield code="b">E55 2015</subfield>
      </datafield>
      <datafield ind1="0" ind2="4" tag="082">
         <subfield code="a">304.8</subfield>
         <subfield code="2">23</subfield>
      </datafield>
      <datafield ind1=" " ind2=" " tag="090">
         <subfield code="a">JV 6225 E55 2015</subfield>
         <subfield code="b">ARDC</subfield>
      </datafield>
      <datafield ind1=" " ind2=" " tag="090">
         <subfield code="a">JV 6225 E55 2015</subfield>
         <subfield code="b">AFMK</subfield>
      </datafield>
      <datafield ind1="0" ind2="0" tag="245">
         <subfield code="a">Engendering transnational voices :</subfield>
         <subfield code="b">studies in family, work, and identity /</subfield>
         <subfield code="c">Guida Man and Rina Cohen, editors.</subfield>
      </datafield>
      <datafield ind1=" " ind2="1" tag="264">
         <subfield code="a">Waterloo, Ontario :</subfield>
         <subfield code="b">Wilfrid Laurier University Press,</subfield>
         <subfield code="c">2015.</subfield>
      </datafield>
      <datafield ind1=" " ind2=" " tag="300">
         <subfield code="a">xii, 341 pages ;</subfield>
         <subfield code="c">23 cm.</subfield>
      </datafield>
      <datafield ind1=" " ind2=" " tag="336">
         <subfield code="a">text</subfield>
         <subfield code="b">txt</subfield>
         <subfield code="2">rdacontent</subfield>
         <subfield code="0">http://id.loc.gov/vocabulary/contentTypes/txt</subfield>
      </datafield>
      <datafield ind1=" " ind2=" " tag="337">
         <subfield code="a">unmediated</subfield>
         <subfield code="b">n</subfield>
         <subfield code="2">rdamedia</subfield>
         <subfield code="0">http://id.loc.gov/vocabulary/mediaTypes/n</subfield>
      </datafield>
      <datafield ind1=" " ind2=" " tag="338">
         <subfield code="a">volume</subfield>
         <subfield code="b">nc</subfield>
         <subfield code="2">rdacarrier</subfield>
         <subfield code="0">http://id.loc.gov/vocabulary/carriers/nc</subfield>
      </datafield>
      <datafield ind1="1" ind2=" " tag="490">
         <subfield code="a">Studies in childhood and family in Canada</subfield>
      </datafield>
      <datafield ind1=" " ind2=" " tag="500">
         <subfield code="a">Includes some edited papers previously presented at the annual meetings of the Canadian Sociological Association.</subfield>
      </datafield>
      <datafield ind1=" " ind2=" " tag="500">
         <subfield code="a">"This edited volume fills a gap in the transnationalism literature by bringing together original papers that examine the transnational practices and identities of immigrant women, youth, and children in an era of global migration and neoliberalism. Specifically, the collection addresses such issues as family relations, gender and work, schooling, remittances, cultural identities, caring of children and the elderly, inter- and multi-generational relationships, activism, and refugee determination."--Introduction.</subfield>
      </datafield>
      <datafield ind1=" " ind2=" " tag="504">
         <subfield code="a">Includes bibliographical references and index.</subfield>
      </datafield>
      <datafield ind1=" " ind2=" " tag="530">
         <subfield code="a">Issued also in electronic format.</subfield>
      </datafield>
      <datafield ind1=" " ind2=" " tag="596">
         <subfield code="a">8 35</subfield>
      </datafield>
      <datafield ind1=" " ind2="0" tag="650">
         <subfield code="a">Immigrant families</subfield>
         <subfield code="x">Social conditions.</subfield>
      </datafield>
      <datafield ind1=" " ind2="0" tag="650">
         <subfield code="a">Immigrant families</subfield>
         <subfield code="z">Canada</subfield>
         <subfield code="x">Social conditions.</subfield>
      </datafield>
      <datafield ind1=" " ind2="0" tag="650">
         <subfield code="a">Transnationalism</subfield>
         <subfield code="x">Social aspects.</subfield>
      </datafield>
      <datafield ind1=" " ind2="0" tag="650">
         <subfield code="a">Women immigrants</subfield>
         <subfield code="x">Family relationships.</subfield>
      </datafield>
      <datafield ind1=" " ind2="0" tag="650">
         <subfield code="a">Women immigrants</subfield>
         <subfield code="x">Social conditions.</subfield>
      </datafield>
      <datafield ind1=" " ind2="0" tag="650">
         <subfield code="a">Immigrant youth</subfield>
         <subfield code="x">Family relationships.</subfield>
      </datafield>
      <datafield ind1=" " ind2="0" tag="650">
         <subfield code="a">Immigrant youth</subfield>
         <subfield code="x">Social conditions.</subfield>
      </datafield>
      <datafield ind1=" " ind2="0" tag="650">
         <subfield code="a">Children of immigrants</subfield>
         <subfield code="x">Family relationships.</subfield>
      </datafield>
      <datafield ind1=" " ind2="0" tag="650">
         <subfield code="a">Children of immigrants</subfield>
         <subfield code="x">Social conditions.</subfield>
      </datafield>
      <datafield ind1="1" ind2=" " tag="700">
         <subfield code="a">Cohen, Rina,</subfield>
         <subfield code="d">1947-,</subfield>
         <subfield code="e">author,</subfield>
         <subfield code="e">editor.</subfield>
         <subfield code="0">http://viaf.org/viaf/104980053</subfield>
      </datafield>
      <datafield ind1="1" ind2=" " tag="700">
         <subfield code="a">Man, Guida,</subfield>
         <subfield code="d">1957-,</subfield>
         <subfield code="e">author,</subfield>
         <subfield code="e">editor.</subfield>
         <subfield code="0">http://viaf.org/viaf/314894323</subfield>
      </datafield>
      <datafield ind1=" " ind2=" " tag="758">
         <subfield code="0">http://worldcat.org/entity/work/id/24520665</subfield>
      </datafield>
      <datafield ind1="1" ind2=" " tag="776">
         <subfield code="t">Engendering transnational voices.</subfield>
         <subfield code="k">Studies in childhood and family in Canada</subfield>
         <subfield code="k">Studies in childhood and family in Canada</subfield>
         <subfield code="w">(CaOONL)20159015863</subfield>
      </datafield>
      <datafield ind1="0" ind2=" " tag="787">
         <subfield code="n">OCLC Work Id</subfield>
         <subfield code="o">http://worldcat.org/entity/work/id/24520665</subfield>
      </datafield>
      <datafield ind1=" " ind2="0" tag="830">
         <subfield code="a">Studies in childhood and family in Canada.</subfield>
         <subfield code="0">http://id.loc.gov/authorities/names/no00002810</subfield>
      </datafield>
      <datafield ind1=" " ind2=" " tag="926">
         <subfield code="a">JV 6225 E55 2015</subfield>
         <subfield code="w">LC</subfield>
         <subfield code="c">1</subfield>
         <subfield code="i">34917001375273</subfield>
         <subfield code="l">ON_SHELF</subfield>
         <subfield code="m">KEYANO</subfield>
         <subfield code="p">$32.98</subfield>
         <subfield code="r">Y</subfield>
         <subfield code="s">Y</subfield>
         <subfield code="t">BOOK</subfield>
         <subfield code="u">3/9/2015</subfield>
         <subfield code="o">.STAFF. Rec'd Apr/15 MW</subfield>
      </datafield>
      <datafield ind1=" " ind2=" " tag="926">
         <subfield code="a">JV 6225 E55 2015</subfield>
         <subfield code="w">LC</subfield>
         <subfield code="c">1</subfield>
         <subfield code="i">30125302465009</subfield>
         <subfield code="l">FLOOR_2</subfield>
         <subfield code="m">RED_DEER_C</subfield>
         <subfield code="r">Y</subfield>
         <subfield code="s">Y</subfield>
         <subfield code="t">BOOK</subfield>
         <subfield code="u">11/19/2015</subfield>
      </datafield>
   </record>
</collection>
